@article{Derington_Sarwal_Wei_Hartsell_Throolin_Singh_Nevers_Zhang_Katkam_Takyi_et al._2025,
title={Liraglutide vs Semaglutide vs dulaglutide in veterans with type 2 diabetes}, 
volume={8},
DOI={10.1001/jamanetworkopen.2025.37297},
number={10}, 
journal={JAMA Network Open}, 
author={Derington, Catherine G. and Sarwal, Amara and Wei, Guo and Hartsell, Sydney E. and Throolin, Michael and Singh, Ravinder and Nevers, McKenna R. and Zhang, Chong and Katkam, Niharika and Takyi, Augustine and et al.}, 
year={2025},month={Oct}} 

@article{Jacobson_DeWit-Dibbert_Selong_Quirk_Throolin_Corona_Sonar_Zanca_Schwarz_Bimczok_2024,
title={Innovative methodology for antimicrobial susceptibility determination in Mycoplasma biofilms},
volume={12}, DOI={10.3390/microorganisms12122650}, 
number={12}, 
journal={Microorganisms},
author={Jacobson, B. Tegner and DeWit-Dibbert, Jessica and Selong, Eli T. and Quirk, McKenna and Throolin, Michael and Corona, Chris and Sonar, Sobha and Zanca, LaShae and Schwarz, Erika R. and Bimczok, Diane},
year={2024}, month={Dec}, 
pages={2650}} 

@article{Jacobson_DeWit-Dibbert_Zanca_Sonar_Hardy_Throolin_Brewster_Andujo_Jones_Sago_et al._2025, 
title={Pathogen delivery route impacts disease severity in experimental mycoplasma ovipneumoniae infection of domestic lambs}, 
volume={56},
DOI={10.1186/s13567-024-01439-y}, 
number={1}, 
journal={Veterinary Research}, 
author={Jacobson, Bryan Tegner and DeWit-Dibbert, Jessica and Zanca, LaShae and Sonar, Sobha and Hardy, Carol and Throolin, Michael and Brewster, Patricia C. and Andujo, Kaitlyn and Jones, Kerri and Sago, Jonathon and et al.}, 
year={2025}, month={Jan}} 
