@book{boos2013essential,
  title={Essential Statistical Inference: Theory and Methods},
  author={Boos, D.D. and Stefanski, L.A.},
  isbn={9781461448181},
  series={Springer Texts in Statistics},
  url={https://link.springer.com/book/10.1007/978-1-4614-4818-1},
  year={2013},
  publisher={Springer New York}
}
